<record><leader>00000cas a22000007a 4500</leader><controlfield tag="001">10267787</controlfield><controlfield tag="008">840105d187u187utxuwr ne      0    0eng d</controlfield><datafield ind1=" " ind2=" " tag="010"><subfield code="a">sn 84022069 </subfield></datafield><datafield ind1=" " ind2=" " tag="040"><subfield code="a">NPX</subfield><subfield code="b">eng</subfield><subfield code="c">NPX</subfield><subfield code="d">NPU</subfield><subfield code="d">PPM</subfield><subfield code="d">KNP</subfield><subfield code="d">OCL</subfield><subfield code="d">OCLCQ</subfield></datafield><datafield ind1=" " ind2=" " tag="042"><subfield code="a">msc</subfield></datafield><datafield ind1=" " ind2=" " tag="043"><subfield code="a">n-us-tx</subfield></datafield><datafield ind1="0" ind2="4" tag="245"><subfield code="a">The McKinney enquirer.</subfield></datafield><datafield ind1=" " ind2=" " tag="260"><subfield code="a">McKinney, Tex. :</subfield><subfield code="b">J.H. Bingham</subfield></datafield><datafield ind1=" " ind2=" " tag="300"><subfield code="a">v. ;</subfield><subfield code="c">64 cm.</subfield></datafield><datafield ind1=" " ind2=" " tag="310"><subfield code="a">Weekly</subfield></datafield><datafield ind1=" " ind2=" " tag="515"><subfield code="a">Continues numbering of: The Weekly enquirer (McKinney, Tex. : 1866).</subfield></datafield><datafield ind1=" " ind2=" " tag="588"><subfield code="a">Description based on: Vol. 7, no. 10 (Apr. 26, 1873).</subfield></datafield><datafield ind1=" " ind2=" " tag="752"><subfield code="a">United States</subfield><subfield code="b">Texas</subfield><subfield code="c">Collin</subfield><subfield code="d">McKinney.</subfield></datafield><datafield ind1="0" ind2="0" tag="780"><subfield code="t">Weekly enquirer (McKinney, Tex. : 1866)</subfield><subfield code="w">(DLC)sn 86089867</subfield></datafield><datafield ind1="0" ind2="0" tag="785"><subfield code="t">McKinney weekly enquirer</subfield><subfield code="w">(DLC)sn 86089868</subfield></datafield></record>